%% This BibTeX bibliography file was created using BibDesk.
%% http://bibdesk.sourceforge.net/

%% Created for Tobias HÃ¶fer at 2015-12-16 23:28:13 +0100 


%% Saved with string encoding Unicode (UTF-8) 



@article{ref:one,
	Author = {First Ref},
	Date-Added = {2015-12-16 22:25:45 +0000},
	Date-Modified = {2015-12-16 22:26:40 +0000},
	Journal = {v},
	Title = {TItle here},
	Year = {21}}
